@article{GANs,
  title={Generative adversarial nets},
  author={Goodfellow, Ian and Pouget-Abadie, Jean and Mirza, Mehdi and Xu, Bing and Warde-Farley, David and Ozair, Sherjil and Courville, Aaron and Bengio, Yoshua},
  journal={Advances in neural information processing systems},
  volume={27},
  year={2014}
}

@article{review,
  title={A review on generative adversarial networks: Algorithms, theory, and applications},
  author={Gui, Jie and Sun, Zhenan and Wen, Yonggang and Tao, Dacheng and Ye, Jieping},
  journal={arXiv preprint arXiv:2001.06937},
  year={2020}
}

@article{CGANs,
  title={Conditional generative adversarial nets},
  author={Mirza, Mehdi and Osindero, Simon},
  journal={arXiv preprint arXiv:1411.1784},
  year={2014}
}

@inproceedings{DCGAN,
  author    = {Alec Radford and
               Luke Metz and
               Soumith Chintala},
  editor    = {Yoshua Bengio and
               Yann LeCun},
  title     = {Unsupervised Representation Learning with Deep Convolutional Generative
               Adversarial Networks},
  booktitle = {4th International Conference on Learning Representations, {ICLR} 2016,
               San Juan, Puerto Rico, May 2-4, 2016, Conference Track Proceedings},
  year      = {2016},
}

@inproceedings{pix2pix,
	title={Image-to-image translation with conditional adversarial networks},
	author={Isola, Phillip and Zhu, Jun-Yan and Zhou, Tinghui and Efros, Alexei A},
	booktitle={Proceedings of the IEEE conference on computer vision and pattern recognition},
	pages={1125--1134},
	year={2017}
}

@inproceedings{cyclegan,
	title={Unpaired image-to-image translation using cycle-consistent adversarial networks},
	author={Zhu, Jun-Yan and Park, Taesung and Isola, Phillip and Efros, Alexei A},
	booktitle={Proceedings of the IEEE international conference on computer vision},
	pages={2223--2232},
	year={2017}
}

@inproceedings{stargan,
	title={Stargan: Unified generative adversarial networks for multi-domain image-to-image translation},
	author={Choi, Yunjey and Choi, Minje and Kim, Munyoung and Ha, Jung-Woo and Kim, Sunghun and Choo, Jaegul},
	booktitle={Proceedings of the IEEE conference on computer vision and pattern recognition},
	pages={8789--8797},
	year={2018}
}

@inproceedings{collagan,
	title={CollaGAN: Collaborative GAN for missing image data imputation},
	author={Lee, Dongwook and Kim, Junyoung and Moon, Won-Jin and Ye, Jong Chul},
	booktitle={Proceedings of the IEEE Conference on Computer Vision and Pattern Recognition},
	pages={2487--2496},
	year={2019}
}

@inproceedings{PGGAN,
  title={Progressive Growing of GANs for Improved Quality, Stability, and Variation},
  author={Karras, Tero and Aila, Timo and Laine, Samuli and Lehtinen, Jaakko},
  booktitle={International Conference on Learning Representations},
  year={2018}
}

@inproceedings{BigGANs,
  title={Large Scale GAN Training for High Fidelity Natural Image Synthesis},
  author={Brock, Andrew and Donahue, Jeff and Simonyan, Karen},
  booktitle={International Conference on Learning Representations},
  year={2018}
}

@inproceedings{StyleGAN,
  title={A style-based generator architecture for generative adversarial networks},
  author={Karras, Tero and Laine, Samuli and Aila, Timo},
  booktitle={Proceedings of the IEEE/CVF Conference on Computer Vision and Pattern Recognition},
  pages={4401--4410},
  year={2019}
}

@inproceedings{AutoGAN,
  title={Auto-GAN: self-supervised collaborative learning for medical image synthesis},
  author={Cao, Bing and Zhang, Han and Wang, Nannan and Gao, Xinbo and Shen, Dinggang},
  booktitle={Proceedings of the AAAI Conference on Artificial Intelligence},
  volume={34},
  number={07},
  pages={10486--10493},
  year={2020}
}

@article{harkonen2020ganspace,
  title={GANSpace: Discovering Interpretable GAN Controls},
  author={H{\"a}rk{\"o}nen, Erik and Hertzmann, Aaron and Lehtinen, Jaakko and Paris, Sylvain},
  journal={Advances in Neural Information Processing Systems},
  volume={33},
  year={2020}
}

@inproceedings{steer,
  author    = {Ali Jahanian and
               Lucy Chai and
               Phillip Isola},
  title     = {On the "steerability" of generative adversarial networks},
  booktitle = {8th International Conference on Learning Representations, {ICLR} 2020,
               Addis Ababa, Ethiopia, April 26-30, 2020},
  publisher = {OpenReview.net},
  year      = {2020}
}

@inproceedings{variation,
  author    = {Antoine Plumerault and
               Herv{\'{e}} Le Borgne and
               C{\'{e}}line Hudelot},
  title     = {Controlling generative models with continuous factors of variations},
  booktitle = {8th International Conference on Learning Representations, {ICLR} 2020,
               Addis Ababa, Ethiopia, April 26-30, 2020},
  publisher = {OpenReview.net},
  year      = {2020},
  url       = {https://openreview.net/forum?id=H1laeJrKDB},
  timestamp = {Thu, 07 May 2020 17:11:48 +0200},
  biburl    = {https://dblp.org/rec/conf/iclr/PlumeraultBH20.bib},
  bibsource = {dblp computer science bibliography, https://dblp.org}
}

@article{iclr2021,
  author    = {Peiye Zhuang and
               Oluwasanmi Koyejo and
               Alexander G. Schwing},
  title     = {Enjoy Your Editing: Controllable GANs for Image Editing via Latent
               Space Navigation},
  journal   = {CoRR},
  volume    = {abs/2102.01187},
  year      = {2021},
  url       = {https://arxiv.org/abs/2102.01187},
  archivePrefix = {arXiv},
  eprint    = {2102.01187},
  timestamp = {Tue, 09 Feb 2021 13:35:56 +0100},
  biburl    = {https://dblp.org/rec/journals/corr/abs-2102-01187.bib},
  bibsource = {dblp computer science bibliography, https://dblp.org}
}

@inproceedings{interfacegan,
  title={Interpreting the latent space of gans for semantic face editing},
  author={Shen, Yujun and Gu, Jinjin and Tang, Xiaoou and Zhou, Bolei},
  booktitle={Proceedings of the IEEE/CVF Conference on Computer Vision and Pattern Recognition},
  pages={9243--9252},
  year={2020}
}

@inproceedings{icml2020,
  author    = {Andrey Voynov and
               Artem Babenko},
  title     = {Unsupervised Discovery of Interpretable Directions in the {GAN} Latent
               Space},
  booktitle = {Proceedings of the 37th International Conference on Machine Learning,
               {ICML} 2020, 13-18 July 2020, Virtual Event},
  series    = {Proceedings of Machine Learning Research},
  volume    = {119},
  pages     = {9786--9796},
  publisher = {{PMLR}},
  year      = {2020},
  url       = {http://proceedings.mlr.press/v119/voynov20a.html},
  timestamp = {Tue, 15 Dec 2020 17:40:19 +0100},
  biburl    = {https://dblp.org/rec/conf/icml/VoynovB20.bib},
  bibsource = {dblp computer science bibliography, https://dblp.org}
}

@inproceedings{LWGAN,
  title={Towards Faster and Stabilized GAN Training for High-fidelity Few-shot Image Synthesis},
  author={Liu, Bingchen and Zhu, Yizhe and Song, Kunpeng and Elgammal, Ahmed},
  booktitle={International Conference on Learning Representations},
  year={2020}
}

@inproceedings{FID,
 author = {Heusel, Martin and Ramsauer, Hubert and Unterthiner, Thomas and Nessler, Bernhard and Hochreiter, Sepp},
 booktitle = {Advances in Neural Information Processing Systems},
 editor = {I. Guyon and U. V. Luxburg and S. Bengio and H. Wallach and R. Fergus and S. Vishwanathan and R. Garnett},
 pages = {},
 publisher = {Curran Associates, Inc.},
 title = {GANs Trained by a Two Time-Scale Update Rule Converge to a Local Nash Equilibrium},
 url = {https://proceedings.neurips.cc/paper/2017/file/8a1d694707eb0fefe65871369074926d-Paper.pdf},
 volume = {30},
 year = {2017}
}

@InProceedings{transfer0,
author = {Gatys, Leon A. and Ecker, Alexander S. and Bethge, Matthias},
title = {Image Style Transfer Using Convolutional Neural Networks},
booktitle = {Proceedings of the IEEE Conference on Computer Vision and Pattern Recognition (CVPR)},
month = {June},
year = {2016}
}

@article{transfer1,
  title={Universal style transfer via feature transforms},
  author={Li, Yijun and Fang, Chen and Yang, Jimei and Wang, Zhaowen and Lu, Xin and Yang, Ming-Hsuan},
  journal={arXiv preprint arXiv:1705.08086},
  year={2017}
}

@inproceedings{transfer2,
  author    = {Fujun Luan and
               Sylvain Paris and
               Eli Shechtman and
               Kavita Bala},
  title     = {Deep Photo Style Transfer},
  booktitle = {2017 {IEEE} Conference on Computer Vision and Pattern Recognition,
               {CVPR} 2017, Honolulu, HI, USA, July 21-26, 2017},
  pages     = {6997--7005},
  publisher = {{IEEE} Computer Society},
  year      = {2017},
  url       = {https://doi.org/10.1109/CVPR.2017.740},
  doi       = {10.1109/CVPR.2017.740},
  timestamp = {Wed, 16 Oct 2019 14:14:50 +0200},
  biburl    = {https://dblp.org/rec/conf/cvpr/LuanPSB17.bib},
  bibsource = {dblp computer science bibliography, https://dblp.org}
}

@inproceedings{i2i0,
  author    = {Yunjey Choi and
               Min{-}Je Choi and
               Munyoung Kim and
               Jung{-}Woo Ha and
               Sunghun Kim and
               Jaegul Choo},
  title     = {StarGAN: Unified Generative Adversarial Networks for Multi-Domain
               Image-to-Image Translation},
  booktitle = {2018 {IEEE} Conference on Computer Vision and Pattern Recognition,
               {CVPR} 2018, Salt Lake City, UT, USA, June 18-22, 2018},
  pages     = {8789--8797},
  publisher = {{IEEE} Computer Society},
  year      = {2018},
  url       = {http://openaccess.thecvf.com/content\_cvpr\_2018/html/Choi\_StarGAN\_Unified\_Generative\_CVPR\_2018\_paper.html},
  doi       = {10.1109/CVPR.2018.00916},
  timestamp = {Tue, 29 Dec 2020 18:36:50 +0100},
  biburl    = {https://dblp.org/rec/conf/cvpr/ChoiCKH0C18.bib},
  bibsource = {dblp computer science bibliography, https://dblp.org}
}

@inproceedings{i2i1,
  author    = {Yunjey Choi and
               Youngjung Uh and
               Jaejun Yoo and
               Jung{-}Woo Ha},
  title     = {StarGAN v2: Diverse Image Synthesis for Multiple Domains},
  booktitle = {2020 {IEEE/CVF} Conference on Computer Vision and Pattern Recognition,
               {CVPR} 2020, Seattle, WA, USA, June 13-19, 2020},
  pages     = {8185--8194},
  publisher = {{IEEE}},
  year      = {2020},
  url       = {https://doi.org/10.1109/CVPR42600.2020.00821},
  doi       = {10.1109/CVPR42600.2020.00821},
  timestamp = {Sun, 25 Oct 2020 23:02:01 +0100},
  biburl    = {https://dblp.org/rec/conf/cvpr/ChoiUYH20.bib},
  bibsource = {dblp computer science bibliography, https://dblp.org}
}

@inproceedings{i2i2,
  author    = {Phillip Isola and
               Jun{-}Yan Zhu and
               Tinghui Zhou and
               Alexei A. Efros},
  title     = {Image-to-Image Translation with Conditional Adversarial Networks},
  booktitle = {2017 {IEEE} Conference on Computer Vision and Pattern Recognition,
               {CVPR} 2017, Honolulu, HI, USA, July 21-26, 2017},
  pages     = {5967--5976},
  publisher = {{IEEE} Computer Society},
  year      = {2017},
  url       = {https://doi.org/10.1109/CVPR.2017.632},
  doi       = {10.1109/CVPR.2017.632},
  timestamp = {Wed, 16 Oct 2019 14:14:50 +0200},
  biburl    = {https://dblp.org/rec/conf/cvpr/IsolaZZE17.bib},
  bibsource = {dblp computer science bibliography, https://dblp.org}
}

@inproceedings{nie2020semi,
  title={Semi-supervised StyleGAN for disentanglement learning},
  author={Nie, Weili and Karras, Tero and Garg, Animesh and Debnath, Shoubhik and Patney, Anjul and Patel, Ankit and Anandkumar, Animashree},
  booktitle={International Conference on Machine Learning},
  pages={7360--7369},
  year={2020},
  organization={PMLR}
}

@inproceedings{lu2018attribute,
  title={Attribute-guided face generation using conditional cyclegan},
  author={Lu, Yongyi and Tai, Yu-Wing and Tang, Chi-Keung},
  booktitle={Proceedings of the European conference on computer vision (ECCV)},
  pages={282--297},
  year={2018}
}

@inproceedings{yu2018super,
  title={Super-resolving very low-resolution face images with supplementary attributes},
  author={Yu, Xin and Fernando, Basura and Hartley, Richard and Porikli, Fatih},
  booktitle={Proceedings of the IEEE conference on computer vision and pattern recognition},
  pages={908--917},
  year={2018}
}

@inproceedings{li2020latent,
  title={Latent space factorisation and manipulation via matrix subspace projection},
  author={Li, Xiao and Lin, Chenghua and Li, Ruizhe and Wang, Chaozheng and Guerin, Frank},
  booktitle={International Conference on Machine Learning},
  pages={5916--5926},
  year={2020},
  organization={PMLR}
}

@inproceedings{CelebA,
 title = {Deep Learning Face Attributes in the Wild},
 author = {Liu, Ziwei and Luo, Ping and Wang, Xiaogang and Tang, Xiaoou},
 booktitle = {Proceedings of International Conference on Computer Vision (ICCV)},
 month = {December},
 year = {2015} 
}

@incollection{drevelegas2011imaging,
	title={Imaging modalities in brain tumors},
	author={Drevelegas, Antonios and Papanikolaou, Nickolas},
	booktitle={Imaging of brain tumors with histological correlations},
	pages={13--33},
	year={2011},
	publisher={Springer}
}

@article{tanenbaum2017synthetic,
  title={Synthetic MRI for clinical neuroimaging: results of the Magnetic Resonance Image Compilation (MAGiC) prospective, multicenter, multireader trial},
  author={Tanenbaum, Lawrence N and Tsiouris, Apostolos John and Johnson, Angela N and Naidich, Thomas P and DeLano, Mark C and Melhem, Elias R and Quarterman, Patrick and Parameswaran, SX and Shankaranarayanan, A and Goyen, M and others},
  journal={American Journal of Neuroradiology},
  volume={38},
  number={6},
  pages={1103--1110},
  year={2017},
  publisher={Am Soc Neuroradiology}
}